% This file was created with JabRef 2.6.
% Encoding: UTF-8

@article{scatteringTransform2012,
  author    = {Joan Bruna and
               St{\'{e}}phane Mallat},
  title     = {Invariant Scattering Convolution Networks},
  journal   = {CoRR},
  volume    = {abs/1203.1513},
  year      = {2012},
  url       = {http://arxiv.org/abs/1203.1513},
  archivePrefix = {arXiv},
  eprint    = {1203.1513},
  timestamp = {Mon, 13 Aug 2018 16:46:27 +0200},
  biburl    = {https://dblp.org/rec/bib/journals/corr/abs-1203-1513},
  bibsource = {dblp computer science bibliography, https://dblp.org}
}


@article{ScalingTheScatteringTransform2017,
  author    = {Edouard Oyallon and
               Eugene Belilovsky and
               Sergey Zagoruyko},
  title     = {Scaling the Scattering Transform: Deep Hybrid Networks},
  journal   = {CoRR},
  volume    = {abs/1703.08961},
  year      = {2017},
  url       = {http://arxiv.org/abs/1703.08961},
  archivePrefix = {arXiv},
  eprint    = {1703.08961},
  timestamp = {Mon, 13 Aug 2018 16:46:16 +0200},
  biburl    = {https://dblp.org/rec/bib/journals/corr/OyallonBZ17},
  bibsource = {dblp computer science bibliography, https://dblp.org}
}


ï»¿@article{3DScatteringTransformNeuro2017,
 author = {Adel, Tameem and Cohen, Taco and Caan, Matthan and Welling, Max and Initiative, On behalf of the AGEhIV study group and the Alzheimer's Disease Neuroimaging},
 doi = {10.1016/j.nicl.2017.02.004},
 journal = {NeuroImage: Clinical},
 keywords = {Artificial Intelligence and Image Processing and Neurosciences},
 note = {Exported from https://app.dimensions.ai on 2018/10/21},
 number = {},
 pages = {506-517},
 title = {3D scattering transforms for disease classification in neuroimaging},
 url = {https://app.dimensions.ai/details/publication/pub.1083762300 and https://doi.org/10.1016/j.nicl.2017.02.004},
 volume = {14},
 year = {2017}
}


@article{DeepRotoTranslation2014,
  author    = {Edouard Oyallon and
               St{\'{e}}phane Mallat},
  title     = {Deep Roto-Translation Scattering for Object Classification},
  journal   = {CoRR},
  volume    = {abs/1412.8659},
  year      = {2014},
  url       = {http://arxiv.org/abs/1412.8659},
  archivePrefix = {arXiv},
  eprint    = {1412.8659},
  timestamp = {Mon, 13 Aug 2018 16:49:12 +0200},
  biburl    = {https://dblp.org/rec/bib/journals/corr/OyallonM14},
  bibsource = {dblp computer science bibliography, https://dblp.org}
}


@inproceedings{InvariantScatteringTextureDiscrimination2013,
 author = {Sifre, Laurent and Mallat, Stephane},
 title = {Rotation, Scaling and Deformation Invariant Scattering for Texture Discrimination},
 booktitle = {Proceedings of the 2013 IEEE Conference on Computer Vision and Pattern Recognition},
 series = {CVPR '13},
 year = {2013},
 isbn = {978-0-7695-4989-7},
 pages = {1233--1240},
 numpages = {8},
 url = {https://doi.org/10.1109/CVPR.2013.163},
 doi = {10.1109/CVPR.2013.163},
 acmid = {2516128},
 publisher = {IEEE Computer Society},
 address = {Washington, DC, USA},
 keywords = {scattering, invariant, affine, texture, classification, deep, neural, network, wavelet, roto-translation, rotation, translation, scaling, shearing},
} 

@article{LeCun1989BackpropagationAT,
  title={Backpropagation Applied to Handwritten Zip Code Recognition},
  author={Yann LeCun and Bernhard E. Boser and John S. Denker and Donnie Henderson and Richard E. Howard and Wayne E. Hubbard and Lawrence D. Jackel},
  journal={Neural Computation},
  year={1989},
  volume={1},
  pages={541-551}
}

@Article{VOC,
   author = "Everingham, M. and Eslami, S. M. A. and Van~Gool, L. and Williams, C. K. I. and Winn, J. and Zisserman, A.",
   title = "The Pascal Visual Object Classes Challenge: A Retrospective",
   journal = "International Journal of Computer Vision",
   volume = "111",
   year = "2015",
   number = "1",
   month = jan,
   pages = "98--136",
} 

@ARTICLE{Geiger2013IJRR,
  author = {Andreas Geiger and Philip Lenz and Christoph Stiller and Raquel Urtasun},
  title = {Vision meets Robotics: The KITTI Dataset},
  journal = {International Journal of Robotics Research (IJRR)},
  year = {2013}
} 

@article{SSD,
  author    = {Wei Liu and
               Dragomir Anguelov and
               Dumitru Erhan and
               Christian Szegedy and
               Scott E. Reed and
               Cheng{-}Yang Fu and
               Alexander C. Berg},
  title     = {{SSD:} Single Shot MultiBox Detector},
  journal   = {CoRR},
  volume    = {abs/1512.02325},
  year      = {2015},
  url       = {http://arxiv.org/abs/1512.02325},
  archivePrefix = {arXiv},
  eprint    = {1512.02325},
  timestamp = {Mon, 13 Aug 2018 16:48:29 +0200},
  biburl    = {https://dblp.org/rec/bib/journals/corr/LiuAESR15},
  bibsource = {dblp computer science bibliography, https://dblp.org}
}

@article{FastRCNN,
  author    = {Ross B. Girshick},
  title     = {Fast {R-CNN}},
  journal   = {CoRR},
  volume    = {abs/1504.08083},
  year      = {2015},
  url       = {http://arxiv.org/abs/1504.08083},
  archivePrefix = {arXiv},
  eprint    = {1504.08083},
  timestamp = {Mon, 13 Aug 2018 16:49:11 +0200},
  biburl    = {https://dblp.org/rec/bib/journals/corr/Girshick15},
  bibsource = {dblp computer science bibliography, https://dblp.org}
}

@article{FasterRCNN,
  author    = {Shaoqing Ren and
               Kaiming He and
               Ross B. Girshick and
               Jian Sun},
  title     = {Faster {R-CNN:} Towards Real-Time Object Detection with Region Proposal
               Networks},
  journal   = {CoRR},
  volume    = {abs/1506.01497},
  year      = {2015},
  url       = {http://arxiv.org/abs/1506.01497},
  archivePrefix = {arXiv},
  eprint    = {1506.01497},
  timestamp = {Mon, 13 Aug 2018 16:46:02 +0200},
  biburl    = {https://dblp.org/rec/bib/journals/corr/RenHG015},
  bibsource = {dblp computer science bibliography, https://dblp.org}
}

@article{Pytorch,
  title={Automatic differentiation in PyTorch},
  author={Paszke, Adam and Gross, Sam and Chintala, Soumith and Chanan, Gregory and Yang, Edward and DeVito, Zachary and Lin, Zeming and Desmaison, Alban and Antiga, Luca and Lerer, Adam},
  year={2017}
}

@article{BatchNorm,
  author    = {Sergey Ioffe and
               Christian Szegedy},
  title     = {Batch Normalization: Accelerating Deep Network Training by Reducing
               Internal Covariate Shift},
  journal   = {CoRR},
  volume    = {abs/1502.03167},
  year      = {2015},
  url       = {http://arxiv.org/abs/1502.03167},
  archivePrefix = {arXiv},
  eprint    = {1502.03167},
  timestamp = {Mon, 13 Aug 2018 16:47:06 +0200},
  biburl    = {https://dblp.org/rec/bib/journals/corr/IoffeS15},
  bibsource = {dblp computer science bibliography, https://dblp.org}
}

@article{ResNet15,
  author    = {Kaiming He and
               Xiangyu Zhang and
               Shaoqing Ren and
               Jian Sun},
  title     = {Deep Residual Learning for Image Recognition},
  journal   = {CoRR},
  volume    = {abs/1512.03385},
  year      = {2015},
  url       = {http://arxiv.org/abs/1512.03385},
  archivePrefix = {arXiv},
  eprint    = {1512.03385},
  timestamp = {Wed, 17 Apr 2019 17:23:45 +0200},
  biburl    = {https://dblp.org/rec/bib/journals/corr/HeZRS15},
  bibsource = {dblp computer science bibliography, https://dblp.org}
}

@inproceedings{imagenet_cvpr09,
        AUTHOR = {Deng, J. and Dong, W. and Socher, R. and Li, L.-J. and Li, K. and Fei-Fei, L.},
        TITLE = {{ImageNet: A Large-Scale Hierarchical Image Database}},
        BOOKTITLE = {CVPR09},
        YEAR = {2009},
        BIBSOURCE = "http://www.image-net.org/papers/imagenet_cvpr09.bib"
}

@article{SchmidhuberOverview,
author = "J. Schmidhuber",
title = "Deep Learning in Neural Networks: An Overview",
journal = "Neural Networks",
pages = "85-117",
volume = "61",
doi = "10.1016/j.neunet.2014.09.003",
note = "Published online 2014; based on TR arXiv:1404.7828 [cs.NE]",
year = "2015"} 


@comment{jabref-meta: selector_publisher:}

@comment{jabref-meta: selector_author:}

@comment{jabref-meta: selector_journal:}

@comment{jabref-meta: selector_keywords:}

